@article{RN1,
   author = {Yan, Yan and Xie, Guodong and Lavery, Martin P. J. and Huang, Hao and Ahmed, Nisar and Bao, Changjing and Ren, Yongxiong and Cao, Yinwen and Li, Long and Zhao, Zhe and Molisch, Andreas F. and Tur, Moshe and Padgett, Miles J. and Willner, Alan E.},
   title = {High-capacity millimetre-wave communications with orbital angular momentum multiplexing},
   journal = {Nature Communications},
   volume = {5},
   number = {1},
   pages = {4876},
   ISSN = {2041-1723},
   DOI = {10.1038/ncomms5876},
   url = {https://doi.org/10.1038/ncomms5876},
   year = {2014},
   type = {Journal Article}
}

